@book{herstein1991topics,
  title={Topics in Algebra},
  author={Herstein, Israel Nathan},
  year={1991},
  publisher={John Wiley \& Sons}
}

@book{roman2017introduction,
  title={An introduction to the language of category theory},
  author={Roman, Steven and others},
  volume={6},
  year={2017},
  publisher={Springer}
}

@article{fong2018seven,
  title={Seven sketches in compositionality: An invitation to applied category theory},
  author={Fong, Brendan and Spivak, David I},
  journal={arXiv preprint arXiv:1803.05316},
  year={2018}
}

@book{chong2013introduction,
  title={An Introduction to Optimization},
  author={Chong, Edwin KP and {\.Z}ak, Stanislaw H},
  year={2013},
  publisher={Wiley}
}

@article{trueman2023forall,
  title={forall x: University of York. Reason \& Argument},
  author={Magnus, PD and Button, Tim and Trueman, Robert},
  year={2023},
  url={https://www.rtrueman.com/uploads/7/0/3/2/70324387/forallxra.pdf}
}

@article{truemanSOL,
  title={A Second-Order Logic Primer},
  author={Trueman, Robert},
  year={2022},
  url = {https://www.rtrueman.com/uploads/7/0/3/2/70324387/second-order_logic_primer.pdf},
}